@article{eckart1936approximation,
	title        = {{The approximation of one matrix by another of lower rank}},
	author       = {Eckart, Carl and Young, Gale},
	year         = 1936,
	journal      = {Psychometrika},
	publisher    = {Springer},
	volume       = 1,
	number       = 3,
	pages        = {211--218}
}
@inproceedings{lee2000algorithms,
	title        = {{Algorithms for Non-negative Matrix Factorization}},
	author       = {Lee, Daniel and Seung, H. Sebastian},
	year         = 2000,
	booktitle    = {Advances in Neural Information Processing Systems},
	publisher    = {MIT Press},
	volume       = 13,
	pages        = {},
	url          = {https://proceedings.neurips.cc/paper_files/paper/2000/file/f9d1152547c0bde01830b7e8bd60024c-Paper.pdf},
	editor       = {T. Leen and T. Dietterich and V. Tresp}
}
@book{gillis2020nonnegative,
	title        = {{Nonnegative Matrix Factorization}},
	author       = {{Gillis}, {Nicholas}},
	year         = 2020,
	publisher    = {SIAM}
}
@article{van1981another,
	title        = {{Another NP-complete problem and the complexity of computing short vectors in a lattice}},
	author       = {van Emde Boas, Peter},
	year         = 1981,
	journal      = {Tecnical Report, Department of Mathmatics, University of Amsterdam},
	publisher    = {Department of Mathmatics, University of Amsterdam}
}
@article{dong2018integer,
	title        = {{Integer matrix approximation and data mining}},
	author       = {Dong, Bo and Lin, Matthew M and Park, Haesun},
	year         = 2018,
	journal      = {Journal of scientific computing},
	publisher    = {Springer},
	volume       = 75,
	pages        = {198--224}
}
@techreport{lin2005integer,
	title        = {{Integer matrix factorization and its application}},
	author       = {Lin, Matthew M and Dong, Bo and Chu, Moody T},
	year         = 2005
}
@techreport{Deutsch1996ZLIBCD,
	title        = {{ZLIB Compressed Data Format Specification version 3.3}},
	author       = {Peter Deutsch and Jean-Loup Gailly},
	year         = 1996,
	publisher    = {RFC},
	volume       = 1950,
	pages        = {1--11}
}
@misc{clark2015pillow,
	title        = {{Pillow (PIL Fork) Documentation}},
	author       = {Clark, Alex},
	year         = 2015,
	publisher    = {readthedocs},
	url          = {https://buildmedia.readthedocs.org/media/pdf/pillow/latest/pillow.pdf}
}
@misc{kodak1993,
	title        = {{Kodak lossless true color image suite}},
	author       = {Kodak, Eastman},
	year         = 1993,
	url          = {https://r0k.us/graphics/kodak/}
}
@misc{clic2024,
	title        = {{Challenge on Learned Image Compression}},
	author       = {Organizers},
	year         = 2024,
	url          = {https://www.compression.cc/}
}
@article{combettes2011proximal,
	title        = {{Proximal splitting methods in signal processing}},
	author       = {Combettes, Patrick L and Pesquet, Jean-Christophe},
	year         = 2011,
	journal      = {Fixed-point algorithms for inverse problems in science and engineering},
	publisher    = {Springer},
	pages        = {185--212}
}
@book{bauschke2017correction,
	title        = {{Correction to: Convex analysis and monotone operator theory in hilbert spaces}},
	author       = {Bauschke, Heinz H and Combettes, Patrick L and Bauschke, Heinz H and Combettes, Patrick L},
	year         = 2017,
	publisher    = {Springer}
}
@article{bolte2014proximal,
	title        = {{Proximal alternating linearized minimization for nonconvex and nonsmooth problems}},
	author       = {Bolte, J{\'e}r{\^o}me and Sabach, Shoham and Teboulle, Marc},
	year         = 2014,
	journal      = {Mathematical Programming},
	publisher    = {Springer},
	volume       = 146,
	number       = 1,
	pages        = {459--494}
}
@article{beck2013convergence,
	title        = {{On the convergence of block coordinate descent type methods}},
	author       = {Beck, Amir and Tetruashvili, Luba},
	year         = 2013,
	journal      = {SIAM journal on Optimization},
	publisher    = {SIAM},
	volume       = 23,
	number       = 4,
	pages        = {2037--2060}
}
@article{nesterov2012efficiency,
	title        = {{Efficiency of coordinate descent methods on huge-scale optimization problems}},
	author       = {Nesterov, Yu},
	year         = 2012,
	journal      = {SIAM Journal on Optimization},
	publisher    = {SIAM},
	volume       = 22,
	number       = 2,
	pages        = {341--362}
}
@article{attouch2013convergence,
	title        = {{Convergence of descent methods for semi-algebraic and tame problems: proximal algorithms, forward--backward splitting, and regularized Gauss--Seidel methods}},
	author       = {Attouch, Hedy and Bolte, J{\'e}r{\^o}me and Svaiter, Benar Fux},
	year         = 2013,
	journal      = {Mathematical Programming},
	publisher    = {Springer},
	volume       = 137,
	number       = 1,
	pages        = {91--129}
}
@inproceedings{deng2009imagenet,
	title        = {{Imagenet: A large-scale hierarchical image database}},
	author       = {Deng, Jia and Dong, Wei and Socher, Richard and Li, Li-Jia and Li, Kai and Fei-Fei, Li},
	year         = 2009,
	booktitle    = {2009 IEEE conference on computer vision and pattern recognition},
	pages        = {248--255},
	organization = {Ieee}
}
@inproceedings{he2016deep,
	title        = {{Deep residual learning for image recognition}},
	author       = {He, Kaiming and Zhang, Xiangyu and Ren, Shaoqing and Sun, Jian},
	year         = 2016,
	booktitle    = {Proceedings of the IEEE conference on computer vision and pattern recognition},
	pages        = {770--778}
}
}
@article{wallace1991jpeg,
	title        = {{The JPEG still picture compression standard}},
	author       = {Wallace, Gregory K},
	year         = 1991,
	journal      = {Communications of the ACM},
	publisher    = {ACM New York, NY, USA},
	volume       = 34,
	number       = 4,
	pages        = {30--44}
}
@article{skodras2001jpeg,
	title        = {{The JPEG 2000 still image compression standard}},
	author       = {Skodras, Athanassios and Christopoulos, Charilaos and Ebrahimi, Touradj},
	year         = 2001,
	journal      = {IEEE Signal processing magazine},
	publisher    = {IEEE},
	volume       = 18,
	number       = 5,
	pages        = {36--58}
}
@article{goyal2001theoretical,
	title        = {{Theoretical foundations of transform coding}},
	author       = {Goyal, Vivek K},
	year         = 2001,
	journal      = {IEEE Signal Processing Magazine},
	publisher    = {IEEE},
	volume       = 18,
	number       = 5,
	pages        = {9--21}
}
@article{ahmed1974discrete,
	title        = {{Discrete cosine transform}},
	author       = {Ahmed, Nasir and Natarajan, T\_ and Rao, Kamisetty R},
	year         = 1974,
	journal      = {IEEE transactions on Computers},
	publisher    = {IEEE},
	volume       = 100,
	number       = 1,
	pages        = {90--93}
}
@article{antonini1992image,
	title        = {{Image coding using wavelet transform.}},
	author       = {Antonini, Marc and Barlaud, Michel and Mathieu, Pierre and Daubechies, Ingrid},
	year         = 1992,
	journal      = {IEEE Trans. Image Processing},
	volume       = 1,
	pages        = {20--5}
}
@article{ding2008convex,
	title        = {{Convex and semi-nonnegative matrix factorizations}},
	author       = {Ding, Chris HQ and Li, Tao and Jordan, Michael I},
	year         = 2008,
	journal      = {IEEE transactions on pattern analysis and machine intelligence},
	publisher    = {IEEE},
	volume       = 32,
	number       = 1,
	pages        = {45--55}
}
@article{andrews1976singular,
	title        = {{Singular value decomposition (SVD) image coding}},
	author       = {Andrews, H and Patterson, CLIII},
	year         = 1976,
	journal      = {IEEE transactions on Communications},
	publisher    = {IEEE},
	volume       = 24,
	number       = 4,
	pages        = {425--432}
}
@inproceedings{prasantha2007image,
	title        = {{Image compression using SVD}},
	author       = {Prasantha, HS and Shashidhara, HL and Murthy, KN Balasubramanya},
	year         = 2007,
	booktitle    = {International conference on computational intelligence and multimedia applications (ICCIMA 2007)},
	volume       = 3,
	pages        = {143--145},
	organization = {IEEE}
}
@article{hou2015sparse,
	title        = {{Sparse low-rank matrix approximation for data compression}},
	author       = {Hou, Junhui and Chau, Lap-Pui and Magnenat-Thalmann, Nadia and He, Ying},
	year         = 2015,
	journal      = {IEEE Transactions on Circuits and Systems for Video Technology},
	publisher    = {IEEE},
	volume       = 27,
	number       = 5,
	pages        = {1043--1054}
}
@article{shapiro1993embedded,
	title        = {{Embedded image coding using zerotrees of wavelet coefficients}},
	author       = {Shapiro, Jerome M},
	year         = 1993,
	journal      = {IEEE Transactions on signal processing},
	publisher    = {IEEE},
	volume       = 41,
	number       = 12,
	pages        = {3445--3462}
}
@misc{google2011webp,
	title        = {{WebP Compression Techniques}},
	author       = {Google Developers},
	year         = 2011,
	note         = {Accessed: 2024-05-17},
	howpublished = {\url{https://developers.google.com/speed/webp}}
}
@inproceedings{lainema2016hevc,
	title        = {{HEVC still image coding and high efficiency image file format}},
	author       = {Lainema, Jani and Hannuksela, Miska M and Vadakital, Vinod K Malamal and Aksu, Emre B},
	year         = 2016,
	booktitle    = {2016 IEEE International Conference on Image Processing (ICIP)},
	pages        = {71--75},
	organization = {IEEE}
}
@article{hannuksela2015high,
	title        = {{The high efficiency image file format standard [standards in a nutshell]}},
	author       = {Hannuksela, Miska M and Lainema, Jani and Vadakital, Vinod K Malamal},
	year         = 2015,
	journal      = {IEEE Signal Processing Magazine},
	publisher    = {IEEE},
	volume       = 32,
	number       = 4,
	pages        = {150--156}
}
@article{yuan2020image,
	title        = {{Image compression based on compressive sensing: End-to-end comparison with JPEG}},
	author       = {Yuan, Xin and Haimi-Cohen, Raziel},
	year         = 2020,
	journal      = {IEEE Transactions on Multimedia},
	publisher    = {IEEE},
	volume       = 22,
	number       = 11,
	pages        = {2889--2904}
}
@article{mu2020graph,
	title        = {{Graph-based non-convex low-rank regularization for image compression artifact reduction}},
	author       = {Mu, Jing and Xiong, Ruiqin and Fan, Xiaopeng and Liu, Dong and Wu, Feng and Gao, Wen},
	year         = 2020,
	journal      = {IEEE Transactions on Image Processing},
	publisher    = {IEEE},
	volume       = 29,
	pages        = {5374--5385}
}
@article{miettinen2008discrete,
	title        = {{The discrete basis problem}},
	author       = {Miettinen, Pauli and Mielik{\"a}inen, Taneli and Gionis, Aristides and Das, Gautam and Mannila, Heikki},
	year         = 2008,
	journal      = {IEEE transactions on knowledge and data engineering},
	publisher    = {IEEE},
	volume       = 20,
	number       = 10,
	pages        = {1348--1362}
}
@inproceedings{ravanbakhsh2016boolean,
	title        = {{Boolean matrix factorization and noisy completion via message passing}},
	author       = {Ravanbakhsh, Siamak and P{\'o}czos, Barnab{\'a}s and Greiner, Russell},
	year         = 2016,
	booktitle    = {International Conference on Machine Learning},
	pages        = {945--954},
	organization = {PMLR}
}
@article{tseng2001convergence,
	title        = {Convergence of a block coordinate descent method for nondifferentiable minimization},
	author       = {Tseng, Paul},
	year         = 2001,
	journal      = {Journal of optimization theory and applications},
	publisher    = {Springer},
	volume       = 109,
	pages        = {475--494}
}
